@book{GoBeCo16,
	title={{Deep Learning}},
	author={Goodfellow, I. and Bengio, Y. and Courville, A.},
	publisher={MIT Press},
	year={2016}
}

@article{SiHuMaGuSiVaScAnPaLaDi16,
	Author                   = {Silver, D. and Huang, A. and Maddison, C. and 
	Guez, A. and Sifre, L. and van Den Driessche, G. and Schrittwieser, J. and 
	Antonoglou, I. and Panneershelvam, V. and Lanctot, M. and Dieleman, S.},
	Title                    = {{Mastering the Game of Go with Deep Neural 
	Networks and Tree Search}},
	Journal                  = {Nature},
	Year                     = {2016},
	Pages                    = {484--489},
	Volume                   = {529},
	Number                   = {7587},
}

@inproceedings{JuLoBrOwKo16,
	Title = {{Policy Compression for Aircraft Collision Avoidance Systems}},
	Author = {Julian, K. and Lopez, J. and Brush, J. and Owen, M. and 
	Kochenderfer, M.},
	Booktitle = {Proc. 35th Digital Avionics Systems Conf. (DASC)},
	Year = {2016},
	Pages = {1--10},
}

@misc{SiZi14,
	Title                    = {{Very Deep Convolutional Networks for 
	Large-Scale Image Recognition}},
	Author                   = {Simonyan, K. and Zisserman, A.},
	Note                     = {Technical Report. 
	\url{http://arxiv.org/abs/1409.1556}},
	Year                     = {2014}
}


@article{Hack76,
	title={{The Equality Problem for Vector Addition Systems is Undecidable}},
	author={Hack, Michel},
	journal={Theoretical Computer Science},
	volume={2},
	number={1},
	pages={77--95},
	year={1976},
	publisher={Elsevier}
}


@book{Reisig12,
	title={{Petri Nets: An Introduction}},
	author={Reisig, Wolfgang},
	volume={4},
	year={2012},
	publisher={Springer Science \& Business Media}
}

%%%%%%%%%%%%%%%%%%%%%%%%%%%%%%%%%%%%%%%%%%%%%%%%%


@article{La78,
	title={{Time, Clocks, and the Ordering of Events in a Distributed System}},
	author={Lamport, Leslie},
	journal={Communications of the ACM
	},
	volume = {21},
	number = {7},
	pages = {558â€“565},
	year={1978}
}



@inproceedings{LlFrKaAn11,
	title={{Don't Settle for Eventual: Scalable Causal Consistency for Wide-Area Storage with COPS}},
	author={Lloyd, Wyatt and Freedman, Michael and Kaminsky, Michael and Andersen, David},
	booktitle={Proc. 23rd ACM Symposium on Operating Systems Principles (SOSP)},
	pages={401--416},
	year={2011}
}



@inproceedings{Br00,
	title={{Towards Robust Distributed Systems}},
	author={Brewer, Eric},
	booktitle={Proc. Symposium on Principles of Distributed Computing (PODC)},
	pages={343--477},
	year={2000}
}

@inproceedings{Br10,
	title={{A Certain Freedom: Thoughts on the CAP Theorem}},
	author={Brewer, Eric},
	booktitle={Proc. Symposium on Principles of Distributed Computing (PODC)},
	pages={335--335},
	year={2010}
}



@article{Br12,
	author={Brewer, Eric},
	journal={Computer}, 
	title={{CAP Twelve Years Later: How the ``Rules" Have Changed}}, 
	year={2012},
	volume={45},
	number={2},
	pages={23-29}
}


@article{MaAlDa11,
	title = {{Consistency, Availability, and Convergence}},
	author  = {Mahajan, Prince and Alvisi, Lorenzo and Dahlin, Mike},
    journal={University of Texas at Austin Technical Report},
	volume={11},
	pages={158},
	year={2011}
}



@article{anderson2014netkat,
	
	journal={Acm sigplan notices},
	volume={49},
	number={1},
	pages={113--126},
	year={2014},
	publisher={ACM New York, NY, USA}
}


@inproceedings{AnDoGuJeKoScWa14,
	title={NetKAT: Semantic Foundations for Networks},
	author={Anderson, Carolyn and Foster, Nate and Guha, Arjun and Jeannin, 
	Jean-Baptiste and Kozen, Dexter and Schlesinger, Cole and Walker, David},
	booktitle={Proc. 41st ACM SIGPLAN-SIGACT Symposium on Principles of 
	Programming Languages (POPL)},
	pages={113--126},
	year={2014}
}



@article{HeCrRa12,
	title={{From the Happened-Before Relation to the Causal Ordered Set 
	Abstraction}},
	author={Hernandez, S. and Cruz, J. and Raynal, Michel},
	journal={Journal of Parallel and Distributed Computing},
	volume={72},
	number={6},
	pages={791--795},
	year={2012},
	publisher={Elsevier}
}



@article{BaMa93,
	title={{Consistent Global States of Distributed Systems: Fundamental 
	Concepts and Mechanisms}},
	author={Babaoglu, O. and Marzullo, K.},
	journal={Distributed Systems},
	volume={53},
	year={1993}
}


@article{ChLa85,
	title={{Distributed Snapshots: Determining Global States of Distributed 
	Systems}},
	author={Chandy, K. and Lamport, L.},
	journal={ACM Transactions on Computer Systems (TOCS)},
	volume={3},
	number={1},
	pages={63--75},
	year={1985},
	publisher={ACM New York, NY, USA}
}



@article{KsRaSi95,
	title={{An Introduction to Snapshot Algorithms in Distributed Computing}},
	author={Kshemkalyani, A. and Raynal, M. and Singhal, M.},
	journal={Distributed Systems Engineering},
	volume={2},
	number={4},
	pages={224},
	year={1995},
	publisher={IOP Publishing}
}


@article{Parikh66,
	title={{On Context-Free Languages}},
	author={Parikh, Rohit J},
	journal={Journal of the ACM (JACM)},
	volume={13},
	number={4},
	pages={570--581},
	year={1966}
}




@inproceedings{AnAsEi06,
	title={{Stably Computable Predicates are Semilinear}},
	author={Angluin, Dana and Aspnes, James and Eisenstat, David},
	booktitle={Proc. 25th Annual ACM Symposium on Principles of Distributed 
	Computing (PODC},
	pages={292--299},
	year={2006}
}



@article{Mu89,
	title={{Petri Nets: Properties, Analysis and Applications}},
	author={Murata, Tadao},
	journal={Proceedings of the IEEE},
	volume={77},
	number={4},
	pages={541--580},
	year={1989},
	publisher={IEEE}
}



@inproceedings{Pr29,
	title={{Uber die vollstandigkeiteines gewissen systems der arithmetik 
	ganzer 
	zahlen, in welchen die addition als einzige operation hervortritt}},
	author={Presburger, Mojzesz},
	booktitle={Comptes-rendus du ler congres des mathematiciens des pays slavs},
	year={1929}
}